@inproceedings{Haeberlen:2004:PRL:1023720.1023728,
 author = {Haeberlen, Andreas and Flannery, Eliot and Ladd, Andrew M. and Rudys, Algis and Wallach, Dan S. and Kavraki, Lydia E.},
 title = {Practical robust localization over large-scale 802.11 {W}ireless {N}etworks},
 booktitle = {Proc. ACM MobiCom Conference},
 year = {2004},
 isbn = {1-58113-868-7},
 location = {Philadelphia, PA, USA},
 pages = {70--84},
 numpages = {15}
 }
% url = {http://doi.acm.org/10.1145/1023720.1023728},
% doi = {http://doi.acm.org/10.1145/1023720.1023728},
% acmid = {1023728},
% publisher = {ACM},
% address = {New York, NY, USA},
% keywords = {802.11, Bayesian methods, location-aware computing, mobile systems, topological localization, wireless networks},


@inproceedings{Gwon:2004:ECC:1023783.1023786,
 author = {Gwon, Youngjune and Jain, Ravi},
 title = {Error characteristics and calibration-free techniques for wireless {LAN}-based location estimation},
 booktitle = {Proc. of the Second International Workshop on Mobility Management and Wireless Access Protocols},
 series = {MobiWac '04},
 year = {2004},
 isbn = {1-58113-920-9},
 location = {Philadelphia, PA, USA},
 pages = {2--9},
 numpages = {8}
 }
% url = {http://doi.acm.org/10.1145/1023783.1023786},
% doi = {http://doi.acm.org/10.1145/1023783.1023786},
% acmid = {1023786},
% publisher = {ACM},
% address = {New York, NY, USA},
% keywords = {RF-based location estimation, calibration, extrapolation, interpolation, static scene analysis, triangulation, wireless LAN},


@inproceedings{Elnahraway:2004:LLU:1031495.1031537,
 author = {Elnahrawy, Eiman and Li, Xiaoyan and Martin, Richard P.},
 title = {The limits of localization using {RSS}},
 booktitle = {Proc. of the 2nd international conference on Embedded networked sensor systems},
 series = {SenSys '04},
 year = {2004},
 isbn = {1-58113-879-2},
 location = {Baltimore, MD, USA},
 pages = {283--284},
 numpages = {2},
 url = {http://doi.acm.org/10.1145/1031495.1031537},
 doi = {http://doi.acm.org/10.1145/1031495.1031537},
 acmid = {1031537},
 publisher = {ACM},
 address = {New York, NY, USA},
 keywords = {localization, wireless local area networks},
}

@inproceedings{Moraes:2006:CWL:1164783.1164799,
 author = {de Moraes, Lu\'{\i}s Felipe M. and Nunes, Bruno Astuto A.},
 title = {Calibration-free {WLAN} location system based on dynamic mapping of signal strength},
 booktitle = {Proc. of the 4th ACM International Workshop on Mobility Management and Wireless Access},
 series = {MobiWac '06},
 year = {2006},
 isbn = {1-59593-488-X},
 location = {Terromolinos, Spain},
 pages = {92--99}
 }
% numpages = {8},
% url = {http://doi.acm.org/10.1145/1164783.1164799},
% doi = {http://doi.acm.org/10.1145/1164783.1164799},
% acmid = {1164799},
% publisher = {ACM},
% address = {New York, NY, USA},
% keywords = {RF-based location estimation, calibration-free, propagation model, wireless LAN, wireless sniffers},


@article{Youssef:2008:HLD:1399551.1399558,
 author = {Youssef, Moustafa and Agrawala, Ashok},
 title = {The {H}orus location determination system},
 journal = {Wireless Networks},
 issue_date = {June 2008},
 volume = {14},
 issue = {3},
 month = {June},
 year = {2008},
 issn = {1022-0038},
 pages = {357--374},
 numpages = {18},
 url = {http://dx.doi.org/10.1007/s11276-006-0725-7},
 doi = {http://dx.doi.org/10.1007/s11276-006-0725-7},
 acmid = {1399558},
 publisher = {Kluwer Academic Publishers},
 address = {Hingham, MA, USA},
 keywords = {WLAN location determination, continuous-space estimator, correlation handling, discrete-space estimator, location clustering, location determination, performance evaluation of location determination systems, small-scale compensation},
}

@inproceedings{Ferris:2007:WUG:1625275.1625675,
 author = {Ferris, Brian and Fox, Dieter and Lawrence, Neil},
 title = {{WiFi}-{SLAM} using gaussian process latent variable models},
 booktitle = {Proc. of the 20th international joint conference on Artifical intelligence},
 year = {2007},
 location = {Hyderabad, India},
 pages = {2480--2485},
 numpages = {6},
 url = {http://portal.acm.org/citation.cfm?id=1625275.1625675},
 acmid = {1625675},
 publisher = {Morgan Kaufmann Publishers Inc.},
 address = {San Francisco, CA, USA},
}

@inproceedings{Berna:2003:LAL:1630659.1630885,
 author = {Berna, Mary and Sellner, Brennan and Lisien, Brad and Thrun, Sebastian and Gordon, Geoffrey and Pfenning, Frank},
 title = {A learning algorithm for localizing people based on wireless signal strength that uses labeled and unlabeled data},
 booktitle = {Proc. of the 18th international joint conference on Artificial intelligence},
 year = {2003},
 location = {Acapulco, Mexico},
 pages = {1427--1428},
 numpages = {2},
 url = {http://portal.acm.org/citation.cfm?id=1630659.1630885},
 acmid = {1630885},
 publisher = {Morgan Kaufmann Publishers Inc.},
 address = {San Francisco, CA, USA},
}

@article{Lim:2010:ZIL:1741400.1741464,
 author = {Lim, Hyuk and Kung, Lu-Chuan and Hou, Jennifer C. and Luo, Haiyun},
 title = {{Z}ero-configuration indoor localization over {IEEE} 802.11 wireless infrastructure},
 journal = {Wireless Networks},
 volume = {16},
 issue = {2},
 month = {February},
 year = {2010},
 issn = {1022-0038},
 pages = {405--420},
 numpages = {16},
 url = {http://dx.doi.org/10.1007/s11276-008-0140-3},
 doi = {http://dx.doi.org/10.1007/s11276-008-0140-3},
 acmid = {1741464},
 publisher = {Kluwer Academic Publishers},
 address = {Hingham, MA, USA},
 keywords = {IEEE 802.11 wireless infrastructure, Location estimation, Signal strength based localization, Singular value decomposition},
}

@article{Tsui:2009:ULS:1741410.1741596,
 author = {Tsui, Arvin Wen and Chuang, Yu-Hsiang and Chu, Hao-Hua},
 title = {{U}nsupervised learning for solving {RSS} Hardware Variance Problem in {WiFi} Localization},
 journal = {Mobile Networks and  Applications},
 volume = {14},
 issue = {5},
 year = {2009},
 issn = {1383-469X},
 pages = {677--691},
 numpages = {15}
 }
% url = {http://dx.doi.org/10.1007/s11036-008-0139-0},
% doi = {http://dx.doi.org/10.1007/s11036-008-0139-0},
% acmid = {1741596},
% publisher = {Kluwer Academic Publishers},
% address = {Hingham, MA, USA},
% keywords = {Wi-Fi device variance, Wi-Fi network, localization systems, unsupervised learning},


@inproceedings{Chintalapudi:2010:ILW:1859995.1860016,
 author = {Chintalapudi, Krishna and Padmanabha Iyer, Anand and Padmanabhan, Venkata N.},
 title = {{I}ndoor localization without the pain},
 booktitle = {Proc. ACM MobiCom Conference},
 year = {2010},
 isbn = {978-1-4503-0181-7},
 location = {Chicago, Illinois, USA},
 pages = {173--184}
 }
% numpages = {12},
% url = {http://doi.acm.org/10.1145/1859995.1860016},
% doi = {http://doi.acm.org/10.1145/1859995.1860016},
% acmid = {1860016},
% publisher = {ACM},
% address = {New York, NY, USA},
% keywords = {calibration-free, indoor localization, wifi},


@inproceedings{Ladd:2002:RLS:570645.570674,
 author = {Ladd, Andrew M. and Bekris, Kostas E. and Rudys, Algis and Marceau, Guillaume and Kavraki, Lydia E. and Wallach, Dan S.},
 title = {Robotics-based location sensing using wireless ethernet},
 booktitle = {Proc. ACM MobiCom  Conference},
 year = {2002},
 isbn = {1-58113-486-X},
 location = {Atlanta, Georgia, USA},
 pages = {227--238},
 numpages = {12}
 }
% url = {http://doi.acm.org/10.1145/570645.570674},
% doi = {http://doi.acm.org/10.1145/570645.570674},
% acmid = {570674},
% publisher = {ACM},
% address = {New York, NY, USA},
% keywords = {802.11, localization, mobile systems, probabilistic analysis, wireless networks},


@inproceedings{Youssef:2003:WLD:826025.826335,
 author = {Youssef, Moustafa A. and Agrawala, Ashok and Shankar, A. Udaya},
 title = {{WLAN} location determination via clustering and probability distributions},
 booktitle = {Proc. of the First IEEE International Conference on Pervasive Computing and Communications},
 series = {PerCom '03},
 year = {2003},
 isbn = {0-7695-1893-1},
 pages = {143--150}
 }
% url = {http://portal.acm.org/citation.cfm?id=826025.826335},
% acmid = {826335},
% publisher = {IEEE Computer Society},
% address = {Washington, DC, USA},


@inproceedings{Tao:2003:WLL:941311.941314,
 author = {Tao, Ping and Rudys, Algis and Ladd, Andrew M. and Wallach, Dan S.},
 title = {Wireless {LAN} location-sensing for security applications},
 booktitle = {Proc. of the 2nd ACM Workshop on Wireless security},
 series = {WiSe '03},
 year = {2003},
 isbn = {1-58113-769-9},
 location = {San Diego, CA, USA},
 pages = {11--20},
 numpages = {10}
 }
% url = {http://doi.acm.org/10.1145/941311.941314},
% doi = {http://doi.acm.org/10.1145/941311.941314},
% acmid = {941314},
% publisher = {ACM},
% address = {New York, NY, USA},
% keywords = {802.11, localization, mobile systems, probabilistic analysis, wireless networks},


@INPROCEEDINGS{Krishnan04asystem,
	author = {P Krishnan and A Krishnakumar and W-H Ju and C Mallows and S Ganu},
	title = {A system for {LEASE}: location estimation assisted by stationary emitters for indoor {RF} wireless networks},
	booktitle = {Proc. of IEEE INFOCOM},
	year = {2004},
	isbn = {0-7803-8355-9},
 	pages = {1001--1011},
 	numpages = {10},
}

@TECHREPORT{Borman_theexpectation,
	author = {S Borman},
	title = {The {E}xpectation {M}aximization algorithm: {A} short tutorial},
	note={\url{http://www.seanborman.com/}},
	year = {2004}
}

@TECHREPORT{Bilmes97agentle,
	author = {J Bilmes},
	title = {A gentle tutorial on the {EM} algorithm and its application to parameter estimation for gaussian mixture and hidden markov models},
	note = {TR-97-021, ICSI, 1997. Available from : \url{http://ssli.ee.washington.edu/~bilmes/pgs/b2hd-bilmes1997-em.html}},
}

@inproceedings{Roos,
 author = {Roos, Teemu and Myllymki, Petri and Tirri, Henry and Misikangas, Pauli and Siev√§nen, Juha},
 title = {A Probabilistic Approach to {WLAN} User Location Estimation},
 booktitle = {International Journal of Wireless Information Networks},
 year = {2002},
 pages = {155--164}
}

@INPROCEEDINGS{Madigan05bayesianindoor,
    author = {David Madigan and Elnahrawy and Richard P. Martin and Wen-hua Ju and P. Krishnan and A.Krishnakumar},
    title = {Bayesian indoor positioning systems},
    booktitle = {Proc. of IEEE INFOCOM},
    year = {2005},
    pages = {1217--1227}
}

@INPROCEEDINGS{Bahl00radar:an,
    author = {Paramvir Bahl and Venkata N. Padmanabhan},
    title = {{RADAR}: An in-building {RF}-based user location and tracking system},
    booktitle = {Proc. of IEEE INFOCOM},
    year = {2000},
    pages = {775--784}
}

@INPROCEEDINGS{Molkdar91,
    author = {Molkdar, D.},
    title = {Review on radio propagation into and within buildings},
    booktitle = {Microwaves, Antennas and Propagation, IEE Proceedings H},
    year = {1991},
    pages = {61-73}
}

@book{Bishop:2006:PRM:1162264,
 author = {Bishop, Christopher M.},
 title = {{P}attern {R}ecognition and {M}achine {L}earning ({I}nformation {S}cience and {S}tatistics)},
 year = {2006},
 isbn = {0387310738},
 publisher = {Springer-Verlag New York, Inc.},
 address = {Secaucus, NJ, USA},
}

@article{Reynolds,
	author = {D Reynolds},
	title = {{G}aussian {M}ixture {M}odels},
	journal={Encyclopedia of Biometric Recognition, Springer},
	year={2008},
	month={Feb.}
}

@ARTICLE{Dempster77maximumlikelihood,
	author = {A P Dempster and N M Laird and D B Rubin},
	title = {Maximum likelihood from incomplete data via the {EM} algorithm},
	journal = {Journal of the Royal Statistical Society. Series B (Methodological)},
	year = {1977},
	number = {39}
}

@techreport{DinovIvoD,
	author = {Dinov, Ivo D},
	title = {{E}xpectation {M}aximization and {M}ixture {M}odeling {T}utorial},
	note = {UC Los Angeles: Statistics Online Computational Resource. Retrieved from: \url{http://escholarship.org/uc/item/1rb70972}},
	year = {2008}
}

@book{Rappaport:2001:WCP:559977,
 author = {Rappaport, Theodore},
 title = {{W}ireless {C}ommunications: {P}rinciples and {P}ractice},
 year = {2001},
 isbn = {0130422320},
 edition = {2nd},
 publisher = {Prentice Hall PTR},
 address = {Upper Saddle River, NJ, USA},
}

@misc{soekris,
	author = {{Soekris Engineering, Inc.}},
	note = {\url{http://soekris.com/products/net4801.html}},
	journal = {},
	year = {}
}

@inproceedings{Addesso:2010:ALT:1856330.1856381,
 author = {Addesso, Paolo and Bruno, Luigi and Restaino, Rocco},
 title = {Adaptive localization techniques in {W}i{F}i environments},
 booktitle = {Proc. of the 5th IEEE International Conference on Wireless Pervasive Computing},
 series = {ISWPC'10},
 year = {2010},
 isbn = {978-1-4244-6855-3},
 location = {Mondena, Italy},
 pages = {289--294}
 }
% numpages = {6},
% url = {http://dl.acm.org/citation.cfm?id=1856330.1856381},
% acmid = {1856381},
% publisher = {IEEE Press},
% address = {Piscataway, NJ, USA},


